<?xml version="1.0" encoding="UTF-8"?><collection xmlns="http://www.loc.gov/MARC21/slim"><record><leader>00513nam--2200181-i-4500</leader><controlfield tag="001">000025194</controlfield><controlfield tag="002">20161230</controlfield><controlfield tag="005">20161230201035</controlfield><controlfield tag="008">060222s1000------------r-----000-0-eng-d</controlfield><datafield ind1=" " ind2=" " tag="040"><subfield code="a">IFIN-HH</subfield></datafield><datafield ind1=" " ind2=" " tag="080"><subfield code="a">539.1(082.1)</subfield></datafield><datafield ind1="1" ind2=" " tag="100"><subfield code="a">Curtiss, L.F</subfield></datafield><datafield ind1="1" ind2="0" tag="245"><subfield code="a">Annual review of nuclear science</subfield><subfield code="b">Volume 1</subfield><subfield code="c">L.f. curtiss (chairman)</subfield></datafield><datafield ind1=" " ind2=" " tag="260"><subfield code="a">Stanford, California</subfield><subfield code="b">Annual Reviews Inc</subfield><subfield code="c">1952</subfield></datafield><datafield ind1=" " ind2=" " tag="300"><subfield code="a">645P</subfield></datafield><datafield ind1=" " ind2=" " tag="490"><subfield code="a">Annual Review Of Nuclear Science</subfield></datafield><datafield ind1=" " ind2=" " tag="852"><subfield code="a">10263</subfield><subfield code="c">539</subfield></datafield><datafield ind1=" " ind2=" " tag="CAT"><subfield code="a">Sys</subfield><subfield code="c">20111102</subfield><subfield code="h">163758</subfield></datafield></record></collection>